<?xml version="1.0" encoding="UTF-8"?><collection xmlns="http://www.loc.gov/MARC21/slim"><record><leader>00559nam--2200181-i-4500</leader><controlfield tag="001">000036464</controlfield><controlfield tag="002">20161230</controlfield><controlfield tag="005">20170113223309</controlfield><controlfield tag="008">060222s1000------------r-----000-0-eng-d</controlfield><datafield ind1=" " ind2=" " tag="080"><subfield code="a">625.84(047.3):352</subfield></datafield><datafield ind1=" " ind2=" " tag="100"><subfield code="a">Palla, Brunetto</subfield></datafield><datafield ind1=" " ind2=" " tag="245"><subfield code="a">Linee di livellazione di precisione per il controllo della subsidenza nelle tenute de S. Rossore e migliarinot</subfield></datafield><datafield ind1=" " ind2=" " tag="260"><subfield code="a">Pisa</subfield><subfield code="b">Facolta Di Ingeneria Dell1univ</subfield><subfield code="c">1978</subfield></datafield><datafield ind1=" " ind2=" " tag="300"><subfield code="a">81 p</subfield></datafield><datafield ind1=" " ind2=" " tag="490"><subfield code="a">Pubb.Della Facolta XXXIII Series</subfield></datafield><datafield ind1=" " ind2=" " tag="700"><subfield code="a">Poli, Mauro</subfield></datafield><datafield ind1=" " ind2=" " tag="852"><subfield code="a">13841</subfield></datafield><datafield ind1=" " ind2=" " tag="CAT"><subfield code="a">SYS</subfield><subfield code="c">20170113</subfield><subfield code="h">223309</subfield></datafield></record></collection>